\begin{thebibliography}{1}

@article{kwan2018tb,
	author={Kwan, Ada, and Daniels, Benjamin and Saria, Vaibhav, and Satyanarayana, Srinath, and Subbaraman, Ramnath, and McDowell, Andrew, and Bergqvist, Sofi, and Das, Ranendra, and Das, Veena, and Das, Jishnu and Pai, Madhukar},
	title={Variations in the quality of tuberculosis care in urban India: A cross-sectional, standardized patient study in two cities},
	journal={PLOS Medicine},
	year={Forthcoming}
}

@article{das2008quality,
	title={The quality of medical advice in low-income countries},
	author={Das, Jishnu and Hammer, Jeffrey and Leonard, Kenneth},
	journal={Journal of Economic Perspectives},
	volume={22},
	number={2},
	pages={93--114},
	year={2008}
}

@article{wbgdp,
	title={World Bank Data Hub. https://data.worldbank.org/indicator/NY.GDP.PCAP.PP.CD},
	author={Bank, World},
	year={2020}
}



\end{thebibliography}